@article{knuth84,
  author = {Knuth, Donald E.},
  title = {Literate Programming},
  year = {1984},
  issue_date = {May 1984},
  publisher = {Oxford University Press, Inc.},
  address = {USA},
  volume = {27},
  number = {2},
  issn = {0010-4620},
  url = {https://doi.org/10.1093/comjnl/27.2.97},
  doi = {10.1093/comjnl/27.2.97},
  journal = {Comput. J.},
  month = may,
  pages = {97–111},
  numpages = {15}
}



@misc{wilsonInkfumesPosterDesigns2011,
	title = {Inkfumes: Poster Designs: Color, Design, Typography Theory},
	author = {Wilson, Seth},
	year = {2011},
	month = {10},
	date = {2011-10-08},
	url = {http://inkfumes.blogspot.com/2011/10/poster-designs-color-design-typography.html}
}

@article{larsjuhljensenColorRepresentationsDeeper2021,
	title = {Color representations: A deeper dive into how to represent colors in data visualization},
	author = {Lars Juhl Jensen, },
	year = {2021},
	month = {08},
	date = {2021-08-09},
	url = {https://www.youtube.com/watch?v=HlDySNpGbyc}
}

@article{crameriMisuseColourScience2020,
	title = {The misuse of colour in science communication},
	author = {Crameri, Fabio and Shephard, Grace E. and Heron, Philip J.},
	year = {2020},
	month = {10},
	date = {2020-10-28},
	journal = {Nature Communications},
	pages = {5444},
	volume = {11},
	number = {1},
	doi = {10.1038/s41467-020-19160-7},
	url = {https://www.nature.com/articles/s41467-020-19160-7},
	langid = {en}
}

@article{rogowitzDataVisualizationEnd1998,
	title = {Data visualization: the end of the rainbow},
	author = {Rogowitz, B.E. and Treinish, L.A.},
	year = {1998},
	month = {12},
	date = {1998-12},
	journal = {IEEE Spectrum},
	pages = {52--59},
	volume = {35},
	number = {12},
	doi = {10.1109/6.736450},
	url = {https://ieeexplore.ieee.org/document/736450/}
}

@article{borlandRainbowColorMap2007,
	title = {Rainbow Color Map (Still) Considered Harmful},
	author = {Borland, David and Taylor Ii, Russell M.},
	year = {2007},
	month = {03},
	date = {2007-03},
	journal = {IEEE Computer Graphics and Applications},
	pages = {14--17},
	volume = {27},
	number = {2},
	doi = {10.1109/MCG.2007.323435},
	url = {https://ieeexplore.ieee.org/document/4118486/},
	langid = {en}
}

@article{borkinEvaluationArteryVisualizations2011,
	title = {Evaluation of Artery Visualizations for Heart Disease Diagnosis},
	author = {Borkin, M. and Gajos, K. and Peters, A. and Mitsouras, D. and Melchionna, S. and Rybicki, F. and Feldman, C. and Pfister, H.},
	year = {2011},
	month = {12},
	date = {2011-12},
	journal = {IEEE Transactions on Visualization and Computer Graphics},
	pages = {2479--2488},
	volume = {17},
	number = {12},
	doi = {10.1109/TVCG.2011.192},
	url = {http://ieeexplore.ieee.org/document/6065015/}
}

@misc{CoblisColorBlindness,
	title = {Coblis {\textemdash} Color Blindness Simulator {\textendash} Colblindor},
	url = {https://www.color-blindness.com/coblis-color-blindness-simulator/},
	langid = {canadian}
}

@book{hadleyGgplot22016,
	title = {Ggplot2},
	author = {Hadley, Wickham},
	year = {2016},
	date = {2016},
	publisher = {Springer Science+Business Media, LLC},
	address = {New York, NY}
}

@book{GrammarGraphics2005,
	title = {The Grammar of Graphics},
	year = {2005},
	date = {2005},
	publisher = {Springer-Verlag},
	series = {Statistics and Computing},
	doi = {10.1007/0-387-28695-0},
	url = {http://link.springer.com/10.1007/0-387-28695-0},
	note = {DOI: 10.1007/0-387-28695-0},
	address = {New York},
	langid = {en}
}

@techreport{abadie2017,
	title = {When Should You Adjust Standard Errors for Clustering?},
	author = {Abadie, Alberto and Athey, Susan and Imbens, Guido and Wooldridge, Jeffrey},
	year = {2017},
	month = {11},
	date = {2017-11},
	pages = {w24003},
	doi = {10.3386/w24003},
	url = {http://www.nber.org/papers/w24003.pdf},
	note = {DOI: 10.3386/w24003},
	address = {Cambridge, MA},
	langid = {en}
}

@article{bai2009,
	title = {Panel Data Models With Interactive Fixed Effects},
	author = {Bai, Jushan},
	year = {2009},
	month = {07},
	date = {2009-07-01},
	journal = {Econometrica},
	pages = {1229--1279},
	volume = {77},
	number = {4},
	doi = {10.3982/ecta6135},
	note = {DOI: 10.3982/ecta6135
MAG ID: 2128249713}
}

@article{wickhamTidyData2014,
  title = {Tidy {{Data}}},
  author = {Wickham, Hadley},
  year = {2014},
  journal = {Journal of Statistical Software},
  volume = {59},
  number = {10},
  issn = {1548-7660},
  doi = {10.18637/jss.v059.i10},
  langid = {english}
}


@article{baker500ScientistsLift2016,
	title = {1,500 scientists lift the lid on reproducibility},
	author = {Baker, Monya},
	year = {2016},
	month = {05},
	date = {2016-05-26},
	journal = {Nature},
	pages = {452--454},
	volume = {533},
	number = {7604},
	doi = {10.1038/533452a},
	url = {https://www.nature.com/articles/533452a},
	langid = {en}
}

@book{popper2002logic,
	title = {The logic of scientific discovery},
	author = {Popper, K.R.},
	year = {2002},
	date = {2002},
	publisher = {Routledge},
	series = {ISSR library},
	url = {https://books.google.com/books?id=Yq6xeupNStMC},
	note = {Citation Key: popper2002logic
tex.lccn: 92241375}
}

@book{grovesSurveyMethodology2011,
	title = {Survey methodology},
	author = {Groves, Robert M and Fowler Jr, Floyd J and Couper, Mick P and Lepkowski, James M and Singer, Eleanor and Tourangeau, Roger},
	year = {2011},
	date = {2011},
	publisher = {John Wiley & Sons}
}

@book{jarrettSurveysThatWork2021,
	title = {Surveys That Work: A Practical Guide for Designing and Running Better Surveys},
	author = {Jarrett, Caroline},
	year = {2021},
	date = {2021},
	publisher = {Rosenfeld Media}
}

@book{jarrettFormsThatWork2009,
	title = {Forms that work: Designing Web forms for usability},
	author = {Jarrett, Caroline and Gaffney, Gerry},
	year = {2009},
	date = {2009},
	publisher = {Morgan Kaufmann}
}

@article{johnStrangersPlaneContextdependent2011,
	title = {Strangers on a plane: Context-dependent willingness to divulge sensitive information},
	author = {John, Leslie K and Acquisti, Alessandro and Loewenstein, George},
	year = {2011},
	date = {2011},
	journal = {Journal of consumer research},
	pages = {858--873},
	volume = {37},
	number = {5},
	note = {Publisher: University of Chicago Press Chicago, IL}
}

@article{tourangeauPsychologySurveyResponse2000,
	title = {The psychology of survey response},
	author = {Tourangeau, Roger and Rips, Lance J and Rasinski, Kenneth},
	year = {2000},
	date = {2000},
	note = {Publisher: Cambridge University Press}
}

@article{krosnickQuestionnaireDesign2018,
	title = {Questionnaire design},
	author = {Krosnick, Jon A},
	year = {2018},
	date = {2018},
	journal = {The Palgrave handbook of survey research},
	pages = {439--455},
	note = {Publisher: Springer}
}

@article{vagiasLikerttypeScaleResponse2006,
	title = {Likert-type scale response anchors},
	author = {Vagias, Wade M},
	year = {2006},
	date = {2006},
	journal = {Clemson International Institute for Tourism & Research Development, Department of Parks, Recreation and Tourism Management. Clemson University}
}

@article{krosnickImpactNoOpinion2002,
	title = {The impact of{"} no opinion{"} response options on data quality: non-attitude reduction or an invitation to satisfice?},
	author = {Krosnick, Jon A and Holbrook, Allyson L and Berent, Matthew K and Carson, Richard T and Michael Hanemann, W and Kopp, Raymond J and Cameron Mitchell, Robert and Presser, Stanley and Ruud, Paul A and Kerry Smith, V},
	year = {2002},
	date = {2002},
	journal = {Public Opinion Quarterly},
	pages = {371--403},
	volume = {66},
	number = {3},
	note = {Publisher: Oxford University Press}
}

@article{hoergerParticipantDropoutFunction2010,
	title = {Participant dropout as a function of survey length in Internet-mediated university studies: Implications for study design and voluntary participation in psychological research},
	author = {Hoerger, Michael},
	year = {2010},
	date = {2010},
	journal = {Cyberpsychology, behavior, and social networking},
	pages = {697--700},
	volume = {13},
	number = {6},
	note = {Publisher: Mary Ann Liebert, Inc. 140 Huguenot Street, 3rd Floor New Rochelle, NY 10801 USA}
}

@article{vriesemaAssessingSurveySatisficing2021,
	title = {Assessing survey satisficing: The impact of unmotivated questionnaire responding on data quality},
	author = {Vriesema, Christine Calderon and Gehlbach, Hunter},
	year = {2021},
	date = {2021},
	journal = {Educational Researcher},
	pages = {618--627},
	volume = {50},
	number = {9},
	note = {Publisher: SAGE Publications Sage CA: Los Angeles, CA}
}

@article{bansakBreakingPointSurvey2021,
	title = {Beyond the breaking point? Survey satisficing in conjoint experiments},
	author = {Bansak, Kirk and Hainmueller, Jens and Hopkins, Daniel J and Yamamoto, Teppei},
	year = {2021},
	date = {2021},
	journal = {Political Science Research and Methods},
	pages = {53--71},
	volume = {9},
	number = {1},
	note = {Publisher: Cambridge University Press}
}

@article{jakobsenWhenHowShould2017,
	title = {When and how should multiple imputation be used for handling missing data in randomised clinical trials {\textendash} a practical guide with flowcharts},
	author = {Jakobsen, Janus Christian and Gluud, Christian and Wetterslev, {Jørn} and Winkel, Per},
	year = {2017},
	month = {12},
	date = {2017-12},
	journal = {BMC Medical Research Methodology},
	pages = {162},
	volume = {17},
	number = {1},
	doi = {10.1186/s12874-017-0442-1},
	url = {https://bmcmedresmethodol.biomedcentral.com/articles/10.1186/s12874-017-0442-1},
	langid = {en}
}

@book{hesterLetGitStarted,
	title = {Let{\textquoteright}s Git started | Happy Git and GitHub for the useR},
	author = {Hester, {Jenny Bryan, the STAT 545 TAs, Jim}},
	url = {https://happygitwithr.com/},
	langid = {en}
}

@misc{wigmoreWhatGoodSurvey2022,
	title = {What is a good survey length for online research?},
	author = {Wigmore, Steve},
	year = {2022},
	month = {01},
	date = {2022-01-26},
	url = {https://www.kantar.com/north-america/inspiration/research-services/what-is-a-good-survey-length-for-online-research-pf}
}

@book{weschlerSeeingForgettingName1982,
	title = {Seeing is Forgetting the Name of the Thing One Sees: A Life of Contemporary Artist Robert Irwin},
	author = {Weschler, L. and Irwin, R.},
	year = {1982},
	date = {1982},
	publisher = {University of California Press},
	url = {https://books.google.com/books?id=axXjhXzMDZ4C}
}

@book{wareInformationVisualizationPerception2021,
	title = {Information visualization: perception for design},
	author = {Ware, Colin},
	year = {2021},
	date = {2021},
	publisher = {Morgan Kaufmann, Inc},
	edition = {Fourth edition},
	address = {Cambridge, MA}
}

@book{tufteVisualDisplayQuantitative2001,
	title = {The visual display of quantitative information},
	author = {Tufte, Edward R.},
	year = {2001},
	date = {2001},
	publisher = {Graphics Press},
	edition = {2nd ed},
	address = {Cheshire, Conn}
}

@misc{sibingaCognitiveLoadGuide2021,
	title = {Cognitive Load as a Guide: 12 Spectrums to Improve Your Data Visualizations | Nightingale},
	author = {Sibinga, Eva and Waldron, Erin},
	year = {2021},
	month = {09},
	date = {2021-09-30},
	url = {https://nightingaledvs.com/cognitive-load-as-a-guide-12-spectrums-to-improve-your-data-visualizations/}
}

@book{brunerMarketingScalesHandbook2019,
	title = {Marketing scales handbook: multi-item measures for consumer insight research. Volume 10},
	author = {Bruner, Gordon C.},
	year = {2019},
	date = {2019},
	publisher = {GCBII Productions, LLC},
	address = {Fort Worth, Texas, USA},
	langid = {eng}
}

@book{communityTuringWayHandbook2022,
	title = {The Turing Way: A handbook for reproducible, ethical and collaborative research},
	author = {Community, The Turing Way},
	year = {2022},
	month = {07},
	date = {2022-07-27},
	publisher = {Zenodo},
	doi = {10.5281/ZENODO.3233853},
	url = {https://zenodo.org/record/3233853},
	note = {DOI: 10.5281/ZENODO.3233853}
}

@article{Victoria2014Reproducibility,
	title = {2014 : WHAT SCIENTIFIC IDEA IS READY FOR RETIREMENT?},
	author = {Stodden, Victoria},
	year = {2014},
	month = {05},
	date = {2014-05},
	url = {https://www.edge.org/response-detail/25340},
	note = {Citation Key: Victoria2014Reproducibility}
}

@book{kahnemanThinkingFastSlow2011,
	title = {Thinking, fast and slow},
	author = {Kahneman, Daniel},
	year = {2011},
	date = {2011},
	publisher = {Farrar, Straus and Giroux},
	edition = {1st ed},
	address = {New York}
}

@misc{healeyPerceptionVisualization2012,
	title = {Perception in Visualization},
	author = {Healey, C. G.},
	year = {2012},
	date = {2012},
	url = {https://www.csc2.ncsu.edu/faculty/healey/PP/#jscript_search}
}

@article{flanneryRELATIVEEFFECTIVENESSCOMMON1971,
	title = {THE RELATIVE EFFECTIVENESS OF SOME COMMON GRADUATED POINT SYMBOLS IN THE PRESENTATION OF QUANTITATIVE DATA},
	author = {Flannery, James John},
	year = {1971},
	month = {12},
	date = {1971-12-01},
	journal = {Cartographica: The International Journal for Geographic Information and Geovisualization},
	pages = {96--109},
	volume = {8},
	number = {2},
	doi = {10.3138/J647-1776-745H-3667},
	url = {https://utpjournals.press/doi/10.3138/J647-1776-745H-3667},
	langid = {en}
}

@inproceedings{inproceedings,
	title = {Same stats, different graphs: Generating datasets with varied appearance and identical statistics through simulated annealing},
	author = {Matejka, Justin and Fitzmaurice, George},
	year = {2017},
	month = {05},
	date = {2017-05},
	pages = {1290--1294},
	doi = {10.1145/3025453.3025912},
	note = {Citation Key: inproceedings}
}

@book{wilkinsonGrammarGraphics1999,
	title = {The Grammar of Graphics},
	author = {Wilkinson, L.},
	year = {1999},
	date = {1999},
	publisher = {Springer New York},
	series = {Statistics and Computing},
	url = {https://books.google.com/books?id=5boZAQAAIAAJ}
}

@article{hadleygrammar2010,
	title = {A layered grammar of graphics},
	author = {Wickham, Hadley},
	year = {2010},
	date = {2010},
	journal = {Journal of Computational and Graphical Statistics},
	pages = {3--28},
	volume = {19},
	number = {1},
	doi = {10.1198/jcgs.2009.07098},
	url = {https://doi.org/10.1198/jcgs.2009.07098},
	note = {Publisher: Taylor & Francis
tex.eprint: https://doi.org/10.1198/jcgs.2009.07098
Citation Key: hadleygrammar2010}
}

@article{bromanDataOrganizationSpreadsheets2018,
	title = {Data Organization in Spreadsheets},
	author = {Broman, Karl W. and Woo, Kara H.},
	year = {2018},
	month = {01},
	date = {2018-01-02},
	journal = {The American Statistician},
	pages = {2--10},
	volume = {72},
	number = {1},
	doi = {10.1080/00031305.2017.1375989},
	url = {https://www.tandfonline.com/doi/full/10.1080/00031305.2017.1375989},
	langid = {en}
}
